@book{
HBuch16,
author = {Hans Buchmann},
title = {Physik I},
year = {2016},
publisher = {Pearson Verlag},
}

@article{
MMuster23,
author = {Max Mustermann},
title = {Ein Musterartikel},
journal = {iX Special},
year = {2023}
}

@online{onlineJohn,
  author = {John Smith},
  title = {Title of the Online Article},
  url = {https://www.example.com/article},
  urldate = {2023-06-28}
}

@techreport{techSusi,
  author = {Susi Carefree},
  title = {Title of the Technical Report},
  institution = {Institution or Organization},
  number = {TR-123},
  year = {2023}
}

@misc{datenblatt,
  author       = {Nachname, Vorname/Organisation},
  title        = {Datenblatt des Produkts XYZ},
  year         = {2023},
  howpublished = {Ver√∂ffentlicht von [Firmenname/Organisation]},
  url          = {[URL]}
}